<?xml version="1.0" encoding="UTF-8"?><collection xmlns="http://www.loc.gov/MARC21/slim"><record><leader>00404nam--2200133-i-4500</leader><controlfield tag="001">000045358</controlfield><controlfield tag="002">20161230</controlfield><controlfield tag="005">20161230201045</controlfield><controlfield tag="008">060222s1000------------r-----000-0-eng-d</controlfield><datafield ind1=" " ind2=" " tag="100"><subfield code="a">Tornqvist, N.A. And Korkea-ano, M</subfield></datafield><datafield ind1=" " ind2=" " tag="245"><subfield code="a">On the isospin bounds on polarization in meson bryon scattering</subfield></datafield><datafield ind1=" " ind2=" " tag="260"><subfield code="a">Helsinki, Research Instiute For Theoretical Physics, 1971, 5p</subfield></datafield><datafield ind1=" " ind2=" " tag="490"><subfield code="a">No.20-71</subfield></datafield><datafield ind1=" " ind2=" " tag="852"><subfield code="a">35118</subfield></datafield></record></collection>